
@misc{wiki:circular_mean,
  author = {Wikipedia},
  howpublished = { \url{https://en.wikipedia.org/wiki/Circular_mean} },
  title = {Circular mean},
  year = {}
}
